
@book{loudon2000quantum,
  title={The Quantum Theory of Light},
  author={Loudon, R.},
  isbn={9780198501770},
  lccn={2001265846},
  series={Oxford Science Publications},
  url={http://books.google.com/books?id=BpnYmAEACAAJ},
  year={2000},
  publisher={OUP Oxford}
}

@book{cohen1998atom,
  title={Atom-Photon Interactions: Basic Processes and Applications},
  author={Cohen-Tannoudji, C. and Dupont-Roc, J. and Grynberg, G.},
  isbn={9780471293361},
  lccn={91040587},
  series={A Wiley-Interscience publication},
  url={http://books.google.com/books?id=Fo4gnAEACAAJ},
  year={1998},
  publisher={Wiley}
}

